@ARTICLE{BrPi2005,
    author = {Брагилевский, Виталий Николаевич and Пилиди, Владимир Ставрович},
    title = {Аналог теоремы И. Б. Симоненко об огибающем операторе для операторов в пространствах векторнозначных функций},
    year = {2005},
    pages = {3-8},
    number = {4},
    journal = {Изв. вузов. Сев.-Кав. регион. Естеств. науки.} 
}

@MVBOOK{Lvo2003,
    author = {Львовский, Сергей Михайлович},
    title = {Набор и вёрстка в системе \LaTeX},
    year = {2006}, 
    language = {russian},
    publisher = {МЦНМО},
    location = {М.},
    hyphenation = {russian},
    url = {http://www.mccme.ru/free-books/llang/newllang.pdf}
}

@MVBOOK{TanAus2013,
    author = {Таненбаум, Эндрю and Остин, Тодд},
    title = {Архитектура компьютера},
    edition = {6-е изд},
    year = {2013}, 
    language = {russian},
    publisher = {Питер},
    location = {СПб.},
    hyphenation = {russian}
}

@ONLINE{mmcs,
    title = {Сайт Мехмата ЮФУ},
    language = {russian},
    hyphenation = {russian},
    url = {http://mmcs.sfedu.ru},
    urldate = {2015-01-01},
}

@ONLINE{coq-autocompletion,
    title = {Coq Developers Chat},
    language = {english},
    hyphenation = {english},
    url = {https://gitter.im/coq/coq?at=593d4732142826e972a47ce0},
    urldate = {2017-16-06},
}

@ONLINE{vernacular-grammar,
    title = {Vernacular grammar definition},
    language = {english},
    hyphentation = {english},
    url = {https://coq.inria.fr/refman/Reference-Manual003.html#Vernacular},
    urldate = {2017-17-06},
}

@ONLINE{tactics-index,
    title={Tactics index},
    language={english},
    hyphentation={english},
    url={https://coq.inria.fr/refman/tactic-index.html},
    urldate={2017-17-06},
}

@ONLINE{tactics-emacs,
    title={List of parsed tactics in Emacs},
    language={english},
    hyphentation={english},
    url={https://github.com/cpitclaudel/company-coq/blob/642c0b5b5/company-coq-abbrev.el},
    urldate={2017-17-06},
}

@ONLINE{oniguruma,
    title={Backreferencing and look-behind operators in Oniguruma library},
     language={english},
    hyphentation={english},
    url={https://github.com/kkos/oniguruma/blob/master/doc/RE#L209},
    urldate={2017-17-06},
}

@ONLINE{texmate-names,
    title={Textmate naming conventions},
    language={english},
    hyphentation={engligh},
    url={http://manual.macromates.com/en/language_grammars},
    urldate={2017-19-06},
}

@ONLINE{atom-grammar,
    title={Status of dynamic grammars support in Atom},
    language={english},
    hyphentation={engligh},
    url={https://github.com/atom/atom/issues/7989#issuecomment-122940864},
    urldate={2017-19-06},
}

@ONLINE{atom-docs,
    title={Atom Documentation},
    language={english},
    hyphentation={engligh},
    url={https://atom.io/docs/api},
    urldate={2017-25-06},
}

@book{aho,
 author = {Hopcroft, John E. and Motwani, Rajeev and Ullman, Jeffrey D.},
 title = {Introduction to Automata Theory, Languages, and Computation (3rd Edition)},
 year = {2006},
 isbn = {0321455363},
 publisher = {Addison-Wesley Longman Publishing Co., Inc.},
 address = {Boston, MA, USA},
}



